@article{DBLP:journals/corr/abs-1304-1188,
  author    = {Rasmus Pagh and
               Gil Segev and
               Udi Wieder},
  title     = {How to Approximate {A} Set Without Knowing Its Size In Advance},
  journal   = {CoRR},
  volume    = {abs/1304.1188},
  year      = {2013},
  url       = {http://arxiv.org/abs/1304.1188},
  archivePrefix = {arXiv},
  eprint    = {1304.1188},
  timestamp = {Sun, 16 Jun 2019 18:48:42 +0200},
  biburl    = {https://dblp.org/rec/bib/journals/corr/abs-1304-1188},
  bibsource = {dblp computer science bibliography, https://dblp.org}
}

@inproceedings{raman2003succinct,
  title={Succinct dynamic dictionaries and trees},
  author={Raman, Rajeev and Rao, Satti Srinivasa},
  booktitle={International Colloquium on Automata, Languages, and Programming},
  pages={357--368},
  year={2003},
  organization={Springer}
}

@article{DBLP:journals/corr/abs-cs-0512081,
  author    = {Erik D. Demaine and
               Friedhelm {Meyer auf der Heide} and
               Rasmus Pagh and
               Mihai Patrascu},
  title     = {De Dictionariis Dynamicis Pauco Spatio Utentibus},
  journal   = {CoRR},
  volume    = {abs/cs/0512081},
  year      = {2005},
  url       = {http://arxiv.org/abs/cs/0512081},
  archivePrefix = {arXiv},
  eprint    = {cs/0512081},
  timestamp = {Mon, 13 Aug 2018 16:47:54 +0200},
  biburl    = {https://dblp.org/rec/bib/journals/corr/abs-cs-0512081},
  bibsource = {dblp computer science bibliography, https://dblp.org}
}

@article{DBLP:journals/corr/abs-0912-5424,
  author    = {Yuriy Arbitman and
               Moni Naor and
               Gil Segev},
  title     = {Backyard Cuckoo Hashing: Constant Worst-Case Operations with a Succinct
               Representation},
  journal   = {CoRR},
  volume    = {abs/0912.5424},
  year      = {2009},
  url       = {http://arxiv.org/abs/0912.5424},
  archivePrefix = {arXiv},
  eprint    = {0912.5424},
  timestamp = {Sun, 16 Jun 2019 18:48:42 +0200},
  biburl    = {https://dblp.org/rec/bib/journals/corr/abs-0912-5424},
  bibsource = {dblp computer science bibliography, https://dblp.org}
}

@article{DBLP:journals/corr/abs-cs-0502032,
  author    = {Christian Worm Mortensen and
               Rasmus Pagh and
               Mihai Patrascu},
  title     = {On Dynamic Range Reporting in One Dimension},
  journal   = {CoRR},
  volume    = {abs/cs/0502032},
  year      = {2005},
  url       = {http://arxiv.org/abs/cs/0502032},
  archivePrefix = {arXiv},
  eprint    = {cs/0502032},
  timestamp = {Mon, 13 Aug 2018 16:49:06 +0200},
  biburl    = {https://dblp.org/rec/bib/journals/corr/abs-cs-0502032},
  bibsource = {dblp computer science bibliography, https://dblp.org}
}

@article{maier2019dynamic,
  title={Dynamic space efficient hashing},
  author={Maier, Tobias and Sanders, Peter and Walzer, Stefan},
  journal={Algorithmica},
  volume={81},
  number={8},
  pages={3162--3185},
  year={2019},
  publisher={Springer}
}

@inproceedings{lehman20093,
  title={3.5-way cuckoo hashing for the price of 2-and-a-bit},
  author={Lehman, Eric and Panigrahy, Rina},
  booktitle={European Symposium on Algorithms},
  pages={671--681},
  year={2009},
  organization={Springer}
}

@inproceedings{pandey2017general,
  title={A general-purpose counting filter: Making every bit count},
  author={Pandey, Prashant and Bender, Michael A and Johnson, Rob and Patro, Rob},
  booktitle={Proceedings of the 2017 ACM international conference on Management of Data},
  pages={775--787},
  year={2017}
}

@misc{trits,
  title={Changing Base without Losing Space},
  author={Dodis, Yevgeniy and Mihai Pătraşcu and Thorup, Mikkel},
  month={April},
  note={\url{https://cs.nyu.edu/~dodis/ps/prefix.pdf}. An earlier, shorter version appeard in Proceedings of the Forty-Second ACM Symposium on Theory of Computing, a.k.a. "STOC 2010"},
  year={2010}
}

@InProceedings{10.1007/978-3-030-25027-0_3,
author="Hagerup, Torben",
editor="G{\k{a}}sieniec, Leszek Antoni
and Jansson, Jesper
and Levcopoulos, Christos",
title="Highly Succinct Dynamic Data Structures",
booktitle="Fundamentals of Computation Theory",
year="2019",
publisher="Springer International Publishing",
address="Cham",
pages="29--45",
abstract="It is attempted to elucidate a number of known dynamic data structures that come close to using the absolutely minimal amount of space, and their connections and ramifications are explored.",
isbn="978-3-030-25027-0"
}

@inproceedings{raab1998balls,
  title={“{B}alls into bins”—A simple and tight analysis},
  author={Raab, Martin and Steger, Angelika},
  booktitle={International Workshop on Randomization and Approximation Techniques in Computer Science},
  pages={159--170},
  year={1998},
  organization={Springer}
}

@inproceedings{mitzenmacher2008simple,
  title={Why simple hash functions work: exploiting the entropy in a data stream},
  note={\url{https://people.seas.harvard.edu/~salil/research/streamhash-Jun10.pdf}. An earlier, shorter version appeared in Proceedings of the nineteenth annual ACM-SIAM symposium on Discrete algorithms, a.k.a. "SODA 2008"},
  author={Mitzenmacher, Michael and Vadhan, Salil},
  month={June},
  year={2010}
}